<?xml version="1.0" encoding="UTF-8"?><collection xmlns="http://www.loc.gov/MARC21/slim"><record><leader>00317nam--2200121-i-4500</leader><controlfield tag="001">000032010</controlfield><controlfield tag="002">20161230</controlfield><controlfield tag="005">20161230201038</controlfield><controlfield tag="008">060222s1000------------r-----000-0-eng-d</controlfield><datafield ind1=" " ind2=" " tag="100"><subfield code="a">Michelson, A.M</subfield></datafield><datafield ind1=" " ind2=" " tag="245"><subfield code="a">The chemistry of nocleosides and nucleotides</subfield></datafield><datafield ind1=" " ind2=" " tag="260"><subfield code="a">London, Academic Press, 1963. Ix+622p</subfield></datafield><datafield ind1=" " ind2=" " tag="852"><subfield code="a">19648</subfield></datafield></record></collection>